@ARTICLE {136,
    title   = "Single Number",
    journal = "goo.gl/cKAO33",
}

@ARTICLE {268,
    title   = "Missing Number",
    journal = "goo.gl/uNFbzE",
}

@ARTICLE {190,
    title   = "Reverse Bits",
    journal = "goo.gl/N2fEby",
}

@ARTICLE {231,
    title   = "Power of Two",
    journal = "goo.gl/3P1iPU",
}

@ARTICLE {191,
    title   = "Number of 1 Bits",
    journal = "goo.gl/qXbQYk",
}

@ARTICLE {318,
    title   = "Maximum Product of Word Lengths",
    journal = "goo.gl/qtqUJB",
}

@ARTICLE {078,
    title   = "Subsets",
    journal = "goo.gl/Ni1F9S",
}

@ARTICLE {090,
    title   = "Subsets II",
    journal = "goo.gl/RYOIHK",
}

@ARTICLE {320,
    title   = "Generalized Abbreviation",
    journal = "goo.gl/SXnw5e",
}

@ARTICLE {201,
    title   = "Bitwise AND of Numbers Range",
    journal = "goo.gl/SXnw5e",
}

@ARTICLE {320,
    title   = "Generalized Abbreviation",
    journal = "goo.gl/SXnw5e",
}

@ARTICLE {201,
    title   = "Bitwise AND of Numbers Range",
    journal = "goo.gl/SXnw5e",
}

@ARTICLE {260,
    title   = "Single Number III",
    journal = "goo.gl/N7cVfr",
}

@ARTICLE {137,
    title   = "Single Number II",
    journal = "goo.gl/o0pS2v",
}

@ARTICLE {169,
    title   = "Majority Element",
    journal = "goo.gl/9JM8kp",
}

@ARTICLE {089,
    title   = "Gray Code",
    journal = "goo.gl/MhLoHh",
}

@ARTICLE {242,
    title   = "Valid Anagram",
    journal = "goo.gl/wAJjdX",
}

@ARTICLE {252,
    title   = "Meeting Rooms",
    journal = "goo.gl/wjLmVD",
}

@ARTICLE {057,
    title   = "Insert Interval",
    journal = "goo.gl/PPSvXN",
}

@ARTICLE {056,
    title   = "Merge Interval",
    journal = "goo.gl/enPlAi",
}

@ARTICLE {253,
    title   = "Meeting Rooms II",
    journal = "goo.gl/WxH5op",
}

@ARTICLE {179,
    title   = "Largest Number",
    journal = "goo.gl/cuhGGd",
}

@ARTICLE {274,
    title   = "H-Index",
    journal = "goo.gl/FlQj2s",
}

@ARTICLE {280,
    title   = "Wiggle Sort",
    journal = "goo.gl/wTIrcv",
}

@ARTICLE {324,
    title   = "Wiggle Sort II",
    journal = "goo.gl/T5a89o",
}

@ARTICLE {148,
    title   = "Sort List",
    journal = "goo.gl/71GaIx",
}

@ARTICLE {147,
    title   = "Insertion Sort List",
    journal = "goo.gl/dx2PbG",
}

@ARTICLE {296,
    title   = "Best Meeting Point",
    journal = "goo.gl/BjLrXw",
}

@ARTICLE {164,
    title   = "Maximum Gap",
    journal = "goo.gl/sFwdgx",
}

